@article{nakamoto2008bitcoin,
	title={Bitcoin: A peer-to-peer electronic cash system},
	author={Nakamoto, Satoshi},
	year={2008}
}

@inproceedings{bib:kademlia,
  title={Kademlia: A peer-to-peer information system based on the xor metric},
  author={Maymounkov, Petar and Mazieres, David},
  booktitle={International Workshop on Peer-to-Peer Systems},
  pages={53--65},
  year={2002},
  organization={Springer}
}

@book{van2017distributed,
  title={Distributed Systems},
  author={van Steen, M. and Tanenbaum, A.S.},
  isbn={9781543057386},
  year={2017},
  publisher={CreateSpace Independent Publishing Platform}
}

@online{ethereumdocs,
  title = {Ethereum Homestead Documentation},
  url = {http://www.ethdocs.org/en/latest/index.html},
  urldate = {2018-04-09}
}

@online{ethereumwp,
  title = {A Next-Generation Smart Contract and Decentralized Application Platform},
  url = {https://github.com/ethereum/wiki/wiki/White-Paper},
  urldate = {2018-04-12}
}

@online{patriciatree,
  title = {Patricia Tree},
  url = {https://github.com/ethereum/wiki/wiki/Patricia-Tree},
  urldate = {2018-04-19}
}

@online{merklingethereum,
  title = {Merkling in Ethereum},
  url = {https://blog.ethereum.org/2015/11/15/merkling-in-ethereum/},
  urldate = {2015-11-15}
}

@online{rlpx,
  title = {RLPx: Cryptographic Network \& Transport Protocol},
  url = {https://github.com/ethereum/devp2p/blob/master/rlpx.md},
  urldate = {2018-03-27}
}

@online{bib:design-rationale,
	author = {{Ethereum Foundation}},
	title = {Design Rationale},
	url = {https://github.com/ethereum/wiki/wiki/Design-Rationale},
	urldate = {2018-05-05}

}

@online{devp2pwire,
  title = {{\devpp} Wire Protocol},
  url = {https://github.com/ethereum/wiki/wiki/\%C3\%90\%CE\%9EVp2p-Wire-Protocol},
  urldate = {2015-11-18}
}



@article{wood2018ethereum,
  title={Ethereum: A secure decentralised generalised transaction ledger},
  author={Wood, Gavin},
  journal={Ethereum Project Yellow Paper},
  year={2018}
}

@misc{bib:ethereumwireprotocol,
	title = {Official Ethereum Wire Protocol specification},
	author = {Ethereum foundation},
	howpublished =
	{\url{https://github.com/ethereum/wiki/wiki/Ethereum-Wire-Protocol}},
	note = {Accessed: 04.12.2018}
}

@misc{bib:ethereumrlpspec,
	title = {Recursive Length Prefix official documentation},
	author = {Ethereum foundation},
	howpublished =
	{\url{https://github.com/ethereum/wiki/wiki/RLP}},
	note = {Accessed: 04.13.2018}
}

@book{bib:masteringbitcoin,
	title={Mastering Bitcoin: Programming the Open Blockchain},
	author={Antonopoulos, Andreas M},
	year={2017},
	publisher={" O'Reilly Media, Inc."}
}
@article{bib:bitcoin,
	title={Bitcoin: A peer-to-peer electronic cash system},
	author={Nakamoto, Satoshi},
	year={2008}
}


@book{bib:art-of-scalability,
	title={The art of scalability: Scalable web architecture, processes, and organizations for the modern enterprise},
	author={Abbott, Martin L and Fisher, Michael T},
	year={2009},
	publisher={Pearson Education}
}

@article{bib:blockchain-challenges-opportunites-survey,
	title={Blockchain challenges and opportunities: A survey},
	author={Zheng, Zibin and Xie, Shaoan and Dai, Hong-Ning and Wang, Huaimin},
	journal={Work Pap.--2016},
	year={2016}
}

@inproceedings{bib:the-quest,
	title={The quest for scalable blockchain fabric: Proof-of-work vs. BFT replication},
	author={Vukoli{\'c}, Marko},
	booktitle={International Workshop on Open Problems in Network Security},
	pages={112--125},
	year={2015},
	organization={Springer}
}

@inproceedings{bib:taxonomy,
	title={A taxonomy of blockchain-based systems for architecture design},
	author={Xu, Xiwei and Weber, Ingo and Staples, Mark and Zhu, Liming and Bosch, Jan and Bass, Len and Pautasso, Cesare and Rimba, Paul},
	booktitle={Software Architecture (ICSA), 2017 IEEE International Conference on},
	pages={243--252},
	year={2017},
	organization={IEEE}
}

@inproceedings{bib:ghost,
	title={Secure high-rate transaction processing in bitcoin},
	author={Sompolinsky, Yonatan and Zohar, Aviv},
	booktitle={International Conference on Financial Cryptography and Data Security},
	pages={507--527},
	year={2015},
	organization={Springer}
}


@online{bib:rlpx-discovery-protocol,
	title={Node Discovery Protocol},
	author={Ethereum Foundation},
	howpublished = {\url{https://github.com/ethereum/devp2p/blob/master/discv4.md}},
	note = {Accessed: 15.05.2018}
}

@inproceedings{bib:securityAndScalabilityPoW,
	title={On the security and performance of proof of work blockchains},
	author={Gervais, Arthur and Karame, Ghassan O and W{\"u}st, Karl and Glykantzis, Vasileios and Ritzdorf, Hubert and Capkun, Srdjan},
	booktitle={Proceedings of the 2016 ACM SIGSAC Conference on Computer and Communications Security},
	pages={3--16},
	year={2016},
	organization={ACM}
}

@inproceedings{bib:bitcoin-ng,
	title={Bitcoin-NG: A Scalable Blockchain Protocol.},
	author={Eyal, Ittay and Gencer, Adem Efe and Sirer, Emin G{\"u}n and Van Renesse, Robbert},
	booktitle={NSDI},
	pages={45--59},
	year={2016}
}

@inproceedings{bib:scaling-croman,
  title={On scaling decentralized blockchains},
  author={Croman, Kyle and Decker, Christian and Eyal, Ittay and Gencer, Adem Efe and Juels, Ari and Kosba, Ahmed and Miller, Andrew and Saxena, Prateek and Shi, Elaine and Sirer, Emin G{\"u}n and others},
  booktitle={International Conference on Financial Cryptography and Data Security},
  pages={106--125},
  year={2016},
  organization={Springer}
}

@inproceedings{grishchenko2018semantic,
	title={A Semantic Framework for the Security Analysis of Ethereum smart contracts},
	author={Grishchenko, Ilya and Maffei, Matteo and Schneidewind, Clara},
	booktitle={International Conference on Principles of Security and Trust},
	pages={243--269},
	year={2018},
	organization={Springer}
}



@online{bib:javascript-api,
	title = {JavaScript API},
	url = 
	{https://github.com/ethereum/wiki/wiki/JavaScript-API},
	urldate = {2018-06-01}
}

@online{bib:json-rpc,
	title = {JSON RPC API},
	url = {https://github.com/ethereum/wiki/wiki/JSON-RPC#json-rpc-api},
	urldate = {2018-05-25}
}


@misc{bib:json2012json,
	title={Json-rpc 2.0 specification},
	author={JSON-RPC Working Group and others},
	url={http://www.jsonrpc.org/specification},
	year={2012}
}


