@inproceedings{bib:kademlia,
  title={Kademlia: A peer-to-peer information system based on the xor metric},
  author={Maymounkov, Petar and Mazieres, David},
  booktitle={International Workshop on Peer-to-Peer Systems},
  pages={53--65},
  year={2002},
  organization={Springer}
}

@book{van2017distributed,
  title={Distributed Systems},
  author={van Steen, M. and Tanenbaum, A.S.},
  isbn={9781543057386},
  url={https://books.google.it/books?id=c77GAQAACAAJ},
  year={2017},
  publisher={CreateSpace Independent Publishing Platform}
}

@online{ethereumdocs,
  title = {Ethereum Homestead Documentation},
  url = {http://www.ethdocs.org/en/latest/index.html},
  urldate = {2018-04-09}
}

@online{ethereumwp,
  title = {A Next-Generation Smart Contract and Decentralized Application Platform},
  url = {https://github.com/ethereum/wiki/wiki/White-Paper},
  urldate = {2018-04-12}
}

@article{wood2018ethereum,
  title={Ethereum: A secure decentralised generalised transaction ledger},
  author={Wood, Gavin},
  journal={Ethereum Project Yellow Paper},
  year={2018}
}